% Lifshitz transition of Fermi surface topology
% #01 
@article{shi2018tunable,
  title={Tunable Lifshitz transitions and multiband transport in tetralayer graphene},
  author={Shi, Yanmeng and Che, Shi and Zhou, Kuan and Ge, Supeng and Pi, Ziqi and Espiritu, Timothy and Taniguchi, Takashi and Watanabe, Kenji and Barlas, Yafis and Lake, Roger and others},
  journal={Physical review letters},
  volume={120},
  number={9},
  pages={096802},
  year={2018},
  publisher={APS},
  doi = {https://doi.org/10.1103/PhysRevLett.120.096802},
  url = {https://journals.aps.org/prl/abstract/10.1103/PhysRevLett.120.096802}
}

@article{bao2011stacking,
  title={Stacking-dependent band gap and quantum transport in trilayer graphene},
  author={Bao, Wenzhong and Jing, Lei and Velasco Jr, J and Lee, Y and Liu, Gang and Tran, D and Standley, B and Aykol, M and Cronin, SB and Smirnov, D and others},
  journal={Nature Physics},
  volume={7},
  number={12},
  pages={948--952},
  year={2011},
  publisher={Nature Publishing Group UK London},
  doi = {https://doi.org/10.1038/nphys2103},
  url = {https://www.nature.com/articles/nphys2103}
}

@article{taychatanapat2011quantum,
  title={Quantum Hall effect and Landau-level crossing of Dirac fermions in trilayer graphene},
  author={Taychatanapat, Thiti and Watanabe, Kenji and Taniguchi, Takashi and Jarillo-Herrero, Pablo},
  journal={Nature Physics},
  volume={7},
  number={8},
  pages={621--625},
  year={2011},
  publisher={Nature Publishing Group UK London},
  doi = {https://doi.org/10.1038/nphys2008},
  url = {https://www.nature.com/articles/nphys2008}
}

@article{campos2016landau,
  title={Landau level splittings, phase transitions, and nonuniform charge distribution in trilayer graphene},
  author={Campos, Leonardo C and Taychatanapat, Thiti and Serbyn, Maksym and Surakitbovorn, Kawin and Watanabe, Kenji and Taniguchi, Takashi and Abanin, Dmitry A and Jarillo-Herrero, Pablo},
  journal={Physical Review Letters},
  volume={117},
  number={6},
  pages={066601},
  year={2016},
  publisher={APS},
  doi = {https://doi.org/10.1103/PhysRevLett.117.066601},
  url = {https://journals.aps.org/prl/abstract/10.1103/PhysRevLett.117.066601}
}

@article{che2020substrate,
  title={Substrate-Dependent Band Structures in Trilayer Graphene/h- BN Heterostructures},
  author={Che, Shi and Stepanov, Petr and Ge, Supeng and Zhu, Menglin and Wang, Dongying and Lee, Yongjin and Myhro, Kevin and Shi, Yanmeng and Chen, Ruoyu and Pi, Ziqi and others},
  journal={Physical Review Letters},
  volume={125},
  number={24},
  pages={246401},
  year={2020},
  publisher={APS},
  doi = {https://doi.org/10.1103/PhysRevLett.125.246401},
  url = {https://journals.aps.org/prl/abstract/10.1103/PhysRevLett.125.246401}
}

#06
@article{zhang2012hund,
  title={Hund's rules for the N= 0 Landau levels of trilayer graphene},
  author={Zhang, Fan and Tilahun, Dagim and MacDonald, Allan H},
  journal={Physical Review B},
  volume={85},
  number={16},
  pages={165139},
  year={2012},
  publisher={APS},
  doi = {https://doi.org/10.1103/PhysRevB.85.165139},
  url = {https://journals.aps.org/prb/abstract/10.1103/PhysRevB.85.165139}
}

@article{lee2013broken,
  title={Broken symmetry quantum Hall states in dual-gated ABA trilayer graphene},
  author={Lee, Yongjin and Velasco Jr, Jairo and Tran, David and Zhang, Fan and Bao, Wenzhong and Jing, Lei and Myhro, Kevin and Smirnov, Dmitry and Lau, Chun Ning},
  journal={Nano letters},
  volume={13},
  number={4},
  pages={1627--1631},
  year={2013},
  publisher={ACS Publications},
  doi = {https://doi.org/10.1021/nl4000757},
  url = {https://pubs.acs.org/doi/10.1021/nl4000757}
}

@article{stepanov2016tunable,
  title={Tunable symmetries of integer and fractional quantum Hall phases in heterostructures with multiple Dirac bands},
  author={Stepanov, Petr and Barlas, Yafis and Espiritu, Tim and Che, Shi and Watanabe, Kenji and Taniguchi, Takashi and Smirnov, Dmitry and Lau, Chun Ning},
  journal={Physical review letters},
  volume={117},
  number={7},
  pages={076807},
  year={2016},
  publisher={APS},
  doi = {https://doi.org/10.1103/PhysRevLett.117.076807},
  url = {https://journals.aps.org/prl/abstract/10.1103/PhysRevLett.117.076807}
}

@article{datta2017strong,
  title={Strong electronic interaction and multiple quantum Hall ferromagnetic phases in trilayer graphene},
  author={Datta, Biswajit and Dey, Santanu and Samanta, Abhisek and Agarwal, Hitesh and Borah, Abhinandan and Watanabe, Kenji and Taniguchi, Takashi and Sensarma, Rajdeep and Deshmukh, Mandar M},
  journal={Nature communications},
  volume={8},
  number={1},
  pages={14518},
  year={2017},
  publisher={Nature Publishing Group UK London},
  doi = {https://doi.org/10.1038/ncomms14518},
  url = {https://www.nature.com/articles/ncomms14518}
}

@article{zibrov2018emergent,
  title={Emergent Dirac Gullies and Gully-Symmetry-Breaking Quantum Hall States in A B A Trilayer Graphene},
  author={Zibrov, Alexander A and Rao, P and Kometter, Carlos and Spanton, Eric M and Li, JIA and Dean, Cory R and Taniguchi, Takashi and Watanabe, Kenji and Serbyn, Maksym and Young, Andrea F},
  journal={Physical Review Letters},
  volume={121},
  number={16},
  pages={167601},
  year={2018},
  publisher={APS},
  doi = {https://doi.org/10.1103/PhysRevLett.121.167601},
  url = {https://journals.aps.org/prl/abstract/10.1103/PhysRevLett.121.167601}
}

@article{winterer2022spontaneous,
  title={Spontaneous gully-polarized quantum Hall states in ABA trilayer graphene},
  author={Winterer, Felix and Seiler, Anna M and Ghazaryan, Areg and Geisenhof, Fabian R and Watanabe, Kenji and Taniguchi, Takashi and Serbyn, Maksym and Weitz, R Thomas},
  journal={Nano Letters},
  volume={22},
  number={8},
  pages={3317--3322},
  year={2022},
  publisher={ACS Publications},
  doi = {https://doi.org/10.1021/acs.nanolett.2c00435},
  url = {https://pubs.acs.org/doi/abs/10.1021/acs.nanolett.2c00435}
}

#11
@article{stepanov2019quantum,
  title={Quantum parity Hall effect in Bernal-stacked trilayer graphene},
  author={Stepanov, Petr and Barlas, Yafis and Che, Shi and Myhro, Kevin and Voigt, Greyson and Pi, Ziqi and Watanabe, Kenji and Taniguchi, Takashi and Smirnov, Dmitry and Zhang, Fan and others},
  journal={Proceedings of the National Academy of Sciences},
  volume={116},
  number={21},
  pages={10286--10290},
  year={2019},
  publisher={National Acad Sciences},
  doi = {https://doi.org/10.1073/pnas.1820835116},
  url = {https://www.pnas.org/doi/10.1073/pnas.1820835116}
}

% topological reviews
@article{qi2011topological,
  title={Topological insulators and superconductors},
  author={Qi, Xiao-Liang and Zhang, Shou-Cheng},
  journal={Reviews of Modern Physics},
  volume={83},
  number={4},
  pages={1057},
  year={2011},
  publisher={APS},
  doi = {https://doi.org/10.1103/RevModPhys.83.1057},
  url = {https://journals.aps.org/rmp/abstract/10.1103/RevModPhys.83.1057}
}

@article{hasan2010colloquium,
  title={Colloquium: topological insulators},
  author={Hasan, M Zahid and Kane, Charles L},
  journal={Reviews of modern physics},
  volume={82},
  number={4},
  pages={3045},
  year={2010},
  publisher={APS},
  doi = {https://doi.org/10.1103/RevModPhys.82.3045},
  url = {https://journals.aps.org/rmp/abstract/10.1103/RevModPhys.82.3045}
}

@article{oreg2010helical,
  title={Helical liquids and Majorana bound states in quantum wires},
  author={Oreg, Yuval and Refael, Gil and Von Oppen, Felix},
  journal={Physical review letters},
  volume={105},
  number={17},
  pages={177002},
  year={2010},
  publisher={APS},
  doi = {https://doi.org/10.1103/PhysRevLett.105.177002},
  url = {https://journals.aps.org/prl/abstract/10.1103/PhysRevLett.105.177002}
}

@article{lutchyn2010majorana,
  title={Majorana fermions and a topological phase transition in semiconductor-superconductor heterostructures},
  author={Lutchyn, Roman M and Sau, Jay D and Sarma, S Das},
  journal={Physical review letters},
  volume={105},
  number={7},
  pages={077001},
  year={2010},
  publisher={APS},
  doi = {https://doi.org/10.1103/PhysRevLett.105.077001},
  url = {https://journals.aps.org/prl/abstract/10.1103/PhysRevLett.105.077001}
}

#16
@article{kane2005quantum,
  title={Quantum spin Hall effect in graphene},
  author={Kane, Charles L and Mele, Eugene J},
  journal={Physical review letters},
  volume={95},
  number={22},
  pages={226801},
  year={2005},
  publisher={APS},
  doi = {https://doi.org/10.1103/PhysRevLett.95.226801},
  url = {https://journals.aps.org/prl/abstract/10.1103/PhysRevLett.95.226801}
}

@article{kane2005z,
  title={Z 2 topological order and the quantum spin Hall effect},
  author={Kane, Charles L and Mele, Eugene J},
  journal={Physical review letters},
  volume={95},
  number={14},
  pages={146802},
  year={2005},
  publisher={APS},
  doi = {https://doi.org/10.1103/PhysRevLett.95.146802},
  url = {https://journals.aps.org/prl/abstract/10.1103/PhysRevLett.95.146802}
}

@article{bernevig2006quantum,
  title={Quantum spin Hall effect and topological phase transition in HgTe quantum wells},
  author={Bernevig, B Andrei and Hughes, Taylor L and Zhang, Shou-Cheng},
  journal={science},
  volume={314},
  number={5806},
  pages={1757--1761},
  year={2006},
  publisher={American Association for the Advancement of Science},
  doi = {https://doi.org/10.1126/science.1133734},
  url = {https://www.science.org/doi/10.1126/science.1133734}
}

@article{roth2009nonlocal,
  title={Nonlocal transport in the quantum spin Hall state},
  author={Roth, Andreas and Br{\"u}ne, Christoph and Buhmann, Hartmut and Molenkamp, Laurens W and Maciejko, Joseph and Qi, Xiao-Liang and Zhang, Shou-Cheng},
  journal={Science},
  volume={325},
  number={5938},
  pages={294--297},
  year={2009},
  publisher={American Association for the Advancement of Science},
  doi = {https://doi.org/10.1126/science.1174736},
  url = {https://www.science.org/doi/10.1126/science.1174736}
}

@article{li2019metallic,
  title={Metallic phase and temperature dependence of the $\nu$= 0 quantum hall state in bilayer graphene},
  author={Li, Jing and Fu, Hailong and Yin, Zhenxi and Watanabe, Kenji and Taniguchi, Takashi and Zhu, Jun},
  journal={Physical review letters},
  volume={122},
  number={9},
  pages={097701},
  year={2019},
  publisher={APS},
  doi = {https://doi.org/10.1103/PhysRevLett.122.097701},
  url = {https://journals.aps.org/prl/abstract/10.1103/PhysRevLett.122.097701}
}

@article{young2014tunable,
  title={Tunable symmetry breaking and helical edge transport in a graphene quantum spin Hall state},
  author={Young, AF and Sanchez-Yamagishi, JD and Hunt, B and Choi, SH and Watanabe, K and Taniguchi, T and Ashoori, RC and Jarillo-Herrero, P},
  journal={Nature},
  volume={505},
  number={7484},
  pages={528--532},
  year={2014},
  publisher={Nature Publishing Group UK London},
  doi = {https://doi.org/10.1038/nature12800},
  url = {https://www.nature.com/articles/nature12800}
}

@article{geisenhof2021quantum,
  title={Quantum anomalous Hall octet driven by orbital magnetism in bilayer graphene},
  author={Geisenhof, Fabian R and Winterer, Felix and Seiler, Anna M and Lenz, Jakob and Xu, Tianyi and Zhang, Fan and Weitz, R Thomas},
  journal={Nature},
  volume={598},
  number={7879},
  pages={53--58},
  year={2021},
  publisher={Nature Publishing Group UK London},
  doi = {https://doi.org/10.1038/s41586-021-03849-w},
  url = {https://www.nature.com/articles/s41586-021-03849-w}
}

@article{weitz2010broken,
  title={Broken-symmetry states in doubly gated suspended bilayer graphene},
  author={Weitz, R Thomas and Allen, Monica T and Feldman, Benjamin E and Martin, Jens and Yacoby, Amir},
  journal={Science},
  volume={330},
  number={6005},
  pages={812--816},
  year={2010},
  publisher={American Association for the Advancement of Science},
  doi = {https://doi.org/10.1126/science.1194988},
  url = {https://www.science.org/doi/10.1126/science.1194988}
}

@article{maher2013evidence,
  title={Evidence for a spin phase transition at charge neutrality in bilayer graphene},
  author={Maher, Patrick and Dean, Cory R and Young, Andrea F and Taniguchi, Takashi and Watanabe, Kenji and Shepard, Kenneth L and Hone, James and Kim, Phaly},
  journal={Nature Physics},
  volume={9},
  number={3},
  pages={154--158},
  year={2013},
  publisher={Nature Publishing Group UK London},
  doi = {https://doi.org/10.1038/nphys2528},
  url = {https://www.nature.com/articles/nphys2528}
}

@article{winterer2023ferroelectric,
  title={Ferroelectric and anomalous quantum Hall states in bare rhombohedral trilayer graphene},
  author={Winterer, Felix and Geisenhof, Fabian R and Fernandez, Noelia and Seiler, Anna M and Zhang, Fan and Weitz, R Thomas},
  journal={arXiv preprint arXiv:2305.04950},
  year={2023},
  doi = {https://doi.org/10.48550/arXiv.2305.04950},
  url = {https://arxiv.org/abs/2305.04950}
}

% quantum hall ferromagnetism & fractionalization
@article{young2012spin,
  title={Spin and valley quantum Hall ferromagnetism in graphene},
  author={Young, Andrea F and Dean, Cory R and Wang, Lei and Ren, Hechen and Cadden-Zimansky, Paul and Watanabe, Kenji and Taniguchi, Takashi and Hone, James and Shepard, Kenneth L and Kim, Philip},
  journal={Nature Physics},
  volume={8},
  number={7},
  pages={550--556},
  year={2012},
  publisher={Nature Publishing Group UK London},
  doi = {https://doi.org/10.1038/nphys2307},
  url = {https://www.nature.com/articles/nphys2307}
}

@article{liu2022visualizing,
  title={Visualizing broken symmetry and topological defects in a quantum Hall ferromagnet},
  author={Liu, Xiaomeng and Farahi, Gelareh and Chiu, Cheng-Li and Papic, Zlatko and Watanabe, Kenji and Taniguchi, Takashi and Zaletel, Michael P and Yazdani, Ali},
  journal={Science},
  volume={375},
  number={6578},
  pages={321--326},
  year={2022},
  publisher={American Association for the Advancement of Science},
  doi = {https://doi.org/10.1126/science.abm3770},
  url = {https://www.science.org/doi/10.1126/science.abm3770}
}

@article{coissard2022imaging,
  title={Imaging tunable quantum Hall broken-symmetry orders in graphene},
  author={Coissard, Alexis and Wander, David and Vignaud, Hadrien and Grushin, Adolfo G and Repellin, C{\'e}cile and Watanabe, Kenji and Taniguchi, Takashi and Gay, Fr{\'e}d{\'e}ric and Winkelmann, Clemens B and Courtois, Herv{\'e} and others},
  journal={Nature},
  volume={605},
  number={7908},
  pages={51--56},
  year={2022},
  publisher={Nature Publishing Group UK London},
  doi = {https://doi.org/10.1038/s41586-022-04513-7},
  url = {https://www.nature.com/articles/s41586-022-04513-7}
}

@article{hunt2013massive,
  title={Massive Dirac fermions and Hofstadter butterfly in a van der Waals heterostructure},
  author={Hunt, Benjamin and Sanchez-Yamagishi, Javier D and Young, Andrea F and Yankowitz, Matthew and LeRoy, Brian J and Watanabe, Kenji and Taniguchi, Takashi and Moon, Pilkyung and Koshino, Mikito and Jarillo-Herrero, Pablo and others},
  journal={Science},
  volume={340},
  number={6139},
  pages={1427--1430},
  year={2013},
  publisher={American Association for the Advancement of Science},
  doi = {https://doi.org/10.1126/science.1237240},
  url = {https://www.science.org/doi/10.1126/science.1237240}
}

@article{yu2014hierarchy,
  title={Hierarchy of Hofstadter states and replica quantum Hall ferromagnetism in graphene superlattices},
  author={Yu, GL and Gorbachev, RV and Tu, JS and Kretinin, AV and Cao, Y and Jalil, R and Withers, F and Ponomarenko, LA and Piot, BA and Potemski, M and others},
  journal={Nature physics},
  volume={10},
  number={7},
  pages={525--529},
  year={2014},
  publisher={Nature Publishing Group UK London},
  doi = {https://doi.org/10.1038/nphys2979},
  url = {https://www.nature.com/articles/nphys2979}
}

@article{hunt2017direct,
  title={Direct measurement of discrete valley and orbital quantum numbers in bilayer graphene},
  author={Hunt, BM and Li, JIA and Zibrov, AA and Wang, L and Taniguchi, T and Watanabe, K and Hone, J and Dean, CR and Zaletel, M and Ashoori, RC and others},
  journal={Nature communications},
  volume={8},
  number={1},
  pages={948},
  year={2017},
  publisher={Nature Publishing Group UK London},
  doi = {https://doi.org/10.1038/s41467-017-00824-w},
  url = {https://www.nature.com/articles/s41467-017-00824-w}
}

@article{lee2014chemical,
  title={Chemical potential and quantum Hall ferromagnetism in bilayer graphene},
  author={Lee, Kayoung and Fallahazad, Babak and Xue, Jiamin and Dillen, David C and Kim, Kyounghwan and Taniguchi, Takashi and Watanabe, Kenji and Tutuc, Emanuel},
  journal={Science},
  volume={345},
  number={6192},
  pages={58--61},
  year={2014},
  publisher={American Association for the Advancement of Science},
  doi = {https://doi.org/10.1126/science.1251003},
  url = {https://www.science.org/doi/10.1126/science.1251003}
}

@article{han2023correlated,
  title={Correlated Insulator and Chern Insulators in Pentalayer Rhombohedral Stacked Graphene},
  author={Han, Tonghang and Lu, Zhengguang and Scuri, Giovanni and Sung, Jiho and Wang, Jue and Han, Tianyi and Watanabe, Kenji and Taniguchi, Takashi and Park, Hongkun and Ju, Long},
  journal={arXiv preprint arXiv:2305.03151},
  year={2023},
  doi = {https://doi.org/10.1038/s41565-023-01520-1},
  url = {https://arxiv.org/abs/2305.03151}
}

% Landau Level 
@article{shimazaki2016landau,
  title={Landau level evolution driven by band hybridization in mirror symmetry broken ABA-stacked trilayer graphene},
  author={Shimazaki, Yuya and Yoshizawa, Toru and Borzenets, Ivan V and Wang, Ke and Liu, Xiaomeng and Watanabe, Kenji and Taniguchi, Takashi and Kim, Philip and Yamamoto, Michihisa and Tarucha, Seigo},
  journal={arXiv preprint arXiv:1611.02395},
  year={2016},
  doi = {https://doi.org/10.48550/arXiv.1611.02395},
  url = {https://arxiv.org/abs/1611.02395}
}

% Chern Insulators or helical edge state
@article{zhang2011spontaneous,
  title={Spontaneous quantum Hall states in chirally stacked few-layer graphene systems},
  author={Zhang, Fan and Jung, Jeil and Fiete, Gregory A and Niu, Qian and MacDonald, Allan H},
  journal={Physical review letters},
  volume={106},
  number={15},
  pages={156801},
  year={2011},
  publisher={APS},
  doi = {https://doi.org/10.1103/PhysRevLett.106.156801},
  url = {https://journals.aps.org/prl/abstract/10.1103/PhysRevLett.106.156801}
}

@article{veyrat2020helical,
  title={Helical quantum Hall phase in graphene on SrTiO3},
  author={Veyrat, Louis and D{\'e}prez, Corentin and Coissard, Alexis and Li, Xiaoxi and Gay, Fr{\'e}d{\'e}ric and Watanabe, Kenji and Taniguchi, Takashi and Han, Zheng and Piot, Benjamin A and Sellier, Hermann and others},
  journal={Science},
  volume={367},
  number={6479},
  pages={781--786},
  year={2020},
  publisher={American Association for the Advancement of Science},
  doi = {https://doi.org/10.1126/science.aax8201},
  url = {https://www.science.org/doi/10.1126/science.aax8201}
}

@article{spanton2018observation,
  title={Observation of fractional Chern insulators in a van der Waals heterostructure},
  author={Spanton, Eric M and Zibrov, Alexander A and Zhou, Haoxin and Taniguchi, Takashi and Watanabe, Kenji and Zaletel, Michael P and Young, Andrea F},
  journal={Science},
  volume={360},
  number={6384},
  pages={62--66},
  year={2018},
  publisher={American Association for the Advancement of Science},
  doi = {https://doi.org/10.1126/science.aan8458},
  url = {https://www.science.org/doi/full/10.1126/science.aan8458}
}

@article{che2020helical,
  title={Helical edge states and quantum phase transitions in tetralayer graphene},
  author={Che, Shi and Shi, Yanmeng and Yang, Jiawei and Tian, Haidong and Chen, Ruoyu and Taniguchi, Takashi and Watanabe, Kenji and Smirnov, Dmitry and Lau, Chun Ning and Shimshoni, Efrat and others},
  journal={Physical Review Letters},
  volume={125},
  number={3},
  pages={036803},
  year={2020},
  publisher={APS},
  doi = {https://doi.org/10.1103/PhysRevLett.125.036803},
  url = {https://journals.aps.org/prl/abstract/10.1103/PhysRevLett.125.036803}
}

% nano-fabrication
@article{wang2013one,
  title={One-dimensional electrical contact to a two-dimensional material},
  author={Wang, Lei and Meric, I and Huang, PY and Gao, Q and Gao, Y and Tran, H and Taniguchi, T and Watanabe, Kenji and Campos, LM and Muller, DA and others},
  journal={Science},
  volume={342},
  number={6158},
  pages={614--617},
  year={2013},
  publisher={American Association for the Advancement of Science},
  doi = {https://doi.org/10.1126/science.1244358},
  url = {https://www.science.org/doi/10.1126/science.1244358}
}

% hydrostatic pressure
@article{ke2019large,
  title={Large bandgap of pressurized trilayer graphene},
  author={Ke, Feng and Chen, Yabin and Yin, Ketao and Yan, Jiejuan and Zhang, Hengzhong and Liu, Zhenxian and Tse, John S and Wu, Junqiao and Mao, Ho-kwang and Chen, Bin},
  journal={Proceedings of the National Academy of Sciences},
  volume={116},
  number={19},
  pages={9186--9190},
  year={2019},
  publisher={National Acad Sciences},
  doi = {https://doi.org/10.1073/pnas.1820890116},
  url = {https://www.pnas.org/doi/10.1073/pnas.1820890116}
}

@article{yankowitz2018dynamic,
  title={Dynamic band-structure tuning of graphene moir{\'e} superlattices with pressure},
  author={Yankowitz, Matthew and Jung, Jeil and Laksono, Evan and Leconte, Nicolas and Chittari, Bheema L and Watanabe, Kenji and Taniguchi, Takashi and Adam, Shaffique and Graf, David and Dean, Cory R},
  journal={Nature},
  volume={557},
  number={7705},
  pages={404--408},
  year={2018},
  publisher={Nature Publishing Group UK London},
  doi = {https://doi.org/10.1038/s41586-018-0107-1},
  url = {https://www.nature.com/articles/s41586-018-0107-1}
}

@article{yankowitz2019tuning,
  title={Tuning superconductivity in twisted bilayer graphene},
  author={Yankowitz, Matthew and Chen, Shaowen and Polshyn, Hryhoriy and Zhang, Yuxuan and Watanabe, K and Taniguchi, T and Graf, David and Young, Andrea F and Dean, Cory R},
  journal={Science},
  volume={363},
  number={6431},
  pages={1059--1064},
  year={2019},
  publisher={American Association for the Advancement of Science},
  doi = {https://doi.org/10.1126/science.aav1910},
  url = {https://www.science.org/doi/10.1126/science.aav1910}
}

% phase transition
@article{zondiner2020cascade,
  title={Cascade of phase transitions and Dirac revivals in magic-angle graphene},
  author={Zondiner, Uri and Rozen, Asaf and Rodan-Legrain, Daniel and Cao, Yuan and Queiroz, Raquel and Taniguchi, Takashi and Watanabe, Kenji and Oreg, Yuval and von Oppen, Felix and Stern, Ady and others},
  journal={Nature},
  volume={582},
  number={7811},
  pages={203--208},
  year={2020},
  publisher={Nature Publishing Group UK London},
  doi = {https://doi.org/10.1038/s41586-020-2373-y},
  url = {https://www.nature.com/articles/s41586-020-2373-y}
}